<record xmlns:xsi="http://www.w3.org/2001/XMLSchema-instance" xmlns="http://www.loc.gov/MARC21/slim" xsi:schemaLocation="http://www.loc.gov/MARC21/slim http://www.loc.gov/standards/marcxml/schema/MARC21slim.xsd">

  <leader>00682nam a2200169Ia 4500</leader>
  <datafield ind1=" " tag="999" ind2=" ">
    <subfield code="c">2056</subfield>
    <subfield code="d">2056</subfield>
  </datafield>
  <controlfield tag="008">180829b1998    cr ||||| |||| 00| | spa d</controlfield>
  <datafield ind1=" " ind2=" " tag="090">
    <subfield code="a">12.06.01 </subfield>
    <subfield code="b">957</subfield>
  </datafield>
  <datafield tag="110" ind2=" " ind1=" ">
    <subfield code="a">Universidad Estatal a Distancia (Costa Rica)</subfield>
    <subfield code="9">2309</subfield>
  </datafield>
  <datafield ind1="1" tag="245" ind2="0">
    <subfield code="a">Aplicación de nuevas tecnologías en la UNED: Evaluación mediante grupos focales con profesionales involucrados : Informe de Investigación / </subfield>
    <subfield code="c">Universidad Estatal a Distancia</subfield>
  </datafield>
  <datafield ind1=" " tag="260" ind2=" ">
    <subfield code="a">San José, Costa Rica : </subfield>
    <subfield code="b">UNED, </subfield>
    <subfield code="c">1998</subfield>
  </datafield>
  <datafield tag="300" ind2=" " ind1=" ">
    <subfield code="a">58 páginas</subfield>
  </datafield>
  <datafield ind2="4" tag="610" ind1=" ">
    <subfield code="a">UNIVERSIDAD ESTATAL A DISTANCIA </subfield>
    <subfield code="9">583</subfield>
  </datafield>
  <datafield ind1="1" tag="650" ind2="4">
    <subfield code="a">NUEVA TECNOLOGÍA</subfield>
    <subfield code="9">2053</subfield>
  </datafield>
  <datafield ind2="4" tag="650" ind1="1">
    <subfield code="a">CAPACITACIÓN</subfield>
    <subfield code="9">729</subfield>
  </datafield>
  <datafield ind1="1" tag="650" ind2="1">
    <subfield code="a">INFORMES DE INVESTIGACIÓN </subfield>
    <subfield code="9">4007</subfield>
  </datafield>
  <datafield tag="942" ind2=" " ind1=" ">
    <subfield code="2">z</subfield>
    <subfield code="c">01</subfield>
  </datafield>
</record>